<?xml version="1.0" encoding="UTF-8"?><collection xmlns="http://www.loc.gov/MARC21/slim"><record><leader>00384nam--2200157-i-4500</leader><controlfield tag="001">000008164</controlfield><controlfield tag="002">20161230</controlfield><controlfield tag="005">20170114161853</controlfield><controlfield tag="008">060222s1000------------r-----000-0-eng-d</controlfield><datafield ind1=" " ind2=" " tag="080"><subfield code="a">548:539.2</subfield></datafield><datafield ind1=" " ind2=" " tag="100"><subfield code="a">Bethe, Hans A</subfield></datafield><datafield ind1=" " ind2=" " tag="245"><subfield code="a">Splitting of terms in crystals</subfield></datafield><datafield ind1=" " ind2=" " tag="260"><subfield code="a">New York</subfield><subfield code="b">Consultants Bureau</subfield><subfield code="c">1929</subfield></datafield><datafield ind1=" " ind2=" " tag="300"><subfield code="a">69 p</subfield></datafield><datafield ind1=" " ind2=" " tag="852"><subfield code="a">27269</subfield></datafield><datafield ind1=" " ind2=" " tag="CAT"><subfield code="a">SYS</subfield><subfield code="c">20170114</subfield><subfield code="h">161853</subfield></datafield></record></collection>